% Encoding: UTF-8

@Article{Zhao2016,
  author  = {Zhao, Hengshuang and Shi, Jianping and Qi, Xiaojuan and Wang, Xiaogang and Jia, Jiaya},
  title   = {Pyramid Scene Parsing Network},
  journal = {arXiv preprint arXiv:1612.01105},
  year    = {2016},
}

@Article{Chen2014,
  author  = {Chen, Liang-Chieh and Papandreou, George and Kokkinos, Iasonas and Murphy, Kevin and Yuille, Alan L},
  title   = {Semantic image segmentation with deep convolutional nets and fully connected crfs},
  journal = {arXiv preprint arXiv:1412.7062},
  year    = {2014},
}

@InProceedings{Liu2015,
  author    = {Liu, Ziwei and Li, Xiaoxiao and Luo, Ping and Loy, Chen-Change and Tang, Xiaoou},
  title     = {Semantic image segmentation via deep parsing network},
  booktitle = {Proceedings of the IEEE International Conference on Computer Vision},
  year      = {2015},
  pages     = {1377--1385},
}

@InProceedings{Arnab2016,
  author       = {Arnab, Anurag and Jayasumana, Sadeep and Zheng, Shuai and Torr, Philip HS},
  title        = {Higher order conditional random fields in deep neural networks},
  booktitle    = {European Conference on Computer Vision},
  year         = {2016},
  pages        = {524--540},
  organization = {Springer},
}

@Article{Zheng,
  author = {Zheng, Anurag Arnab Sadeep Jayasumana Shuai and Torr, Philip},
  title  = {Higher Order Conditional Random Fields in Deep Neural Networks},
}

@InProceedings{Chen2016,
  author    = {Chen, Liang-Chieh and Barron, Jonathan T and Papandreou, George and Murphy, Kevin and Yuille, Alan L},
  title     = {Semantic image segmentation with task-specific edge detection using cnns and a discriminatively trained domain transform},
  booktitle = {Proceedings of the IEEE Conference on Computer Vision and Pattern Recognition},
  year      = {2016},
  pages     = {4545--4554},
}

@InProceedings{Chen2016a,
  author    = {Chen, Hao and Qi, Xiaojuan and Yu, Lequan and Heng, Pheng-Ann},
  title     = {Dcan: Deep contour-aware networks for accurate gland segmentation},
  booktitle = {Proceedings of the IEEE conference on Computer Vision and Pattern Recognition},
  year      = {2016},
  pages     = {2487--2496},
}

@InProceedings{Strekalovskiy2011,
  author       = {Strekalovskiy, Evgeny and Cremers, Daniel},
  title        = {Generalized ordering constraints for multilabel optimization},
  booktitle    = {Computer Vision (ICCV), 2011 IEEE International Conference on},
  year         = {2011},
  pages        = {2619--2626},
  organization = {IEEE},
}

@InProceedings{Veksler2008,
  author       = {Veksler, Olga},
  title        = {Star shape prior for graph-cut image segmentation},
  booktitle    = {European Conference on Computer Vision},
  year         = {2008},
  pages        = {454--467},
  organization = {Springer},
}

@InProceedings{Gulshan2010,
  author       = {Gulshan, Varun and Rother, Carsten and Criminisi, Antonio and Blake, Andrew and Zisserman, Andrew},
  title        = {Geodesic star convexity for interactive image segmentation},
  booktitle    = {Computer Vision and Pattern Recognition (CVPR), 2010 IEEE Conference on},
  year         = {2010},
  pages        = {3129--3136},
  organization = {IEEE},
}

@InProceedings{Gorelick2014,
  author       = {Gorelick, Lena and Veksler, Olga and Boykov, Yuri and Nieuwenhuis, Claudia},
  title        = {Convexity shape prior for segmentation},
  booktitle    = {European Conference on Computer Vision},
  year         = {2014},
  pages        = {675--690},
  organization = {Springer},
}

@Article{Sirinukunwattana2015,
  author    = {Sirinukunwattana, Korsuk and Snead, David RJ and Rajpoot, Nasir M},
  title     = {A stochastic polygons model for glandular structures in colon histology images},
  journal   = {IEEE transactions on medical imaging},
  year      = {2015},
  volume    = {34},
  number    = {11},
  pages     = {2366--2378},
  publisher = {IEEE},
}

@InProceedings{Royer2016,
  author    = {Royer, Loic A and Richmond, David L and Rother, Carsten and Andres, Bjoern and Kainmueller, Dagmar},
  title     = {Convexity shape constraints for image segmentation},
  booktitle = {Proceedings of the IEEE Conference on Computer Vision and Pattern Recognition},
  year      = {2016},
  pages     = {402--410},
}

@InProceedings{Chen2016b,
  author    = {Chen, Hao and Qi, Xiaojuan and Yu, Lequan and Heng, Pheng-Ann},
  title     = {Dcan: Deep contour-aware networks for accurate gland segmentation},
  booktitle = {Proceedings of the IEEE conference on Computer Vision and Pattern Recognition},
  year      = {2016},
  pages     = {2487--2496},
}

@InProceedings{Ren2015,
  author    = {Ren, Shaoqing and He, Kaiming and Girshick, Ross and Sun, Jian},
  title     = {Faster r-cnn: Towards real-time object detection with region proposal networks},
  booktitle = {Advances in neural information processing systems},
  year      = {2015},
  pages     = {91--99},
}

@Article{Fernandez-Busnadiego2010,
  author    = {Fern{\'a}ndez-Busnadiego, Rub{\'e}n and Zuber, Beno{\^\i}t and Maurer, Ulrike Elisabeth and Cyrklaff, Marek and Baumeister, Wolfgang and Lu{\v{c}}i{\'c}, Vladan},
  title     = {Quantitative analysis of the native presynaptic cytomatrix by cryoelectron tomography},
  journal   = {The Journal of cell biology},
  year      = {2010},
  volume    = {188},
  number    = {1},
  pages     = {145--156},
  publisher = {Rockefeller University Press},
}

@Article{Fernandez-Busnadiego2013,
  author    = {Fern{\'a}ndez-Busnadiego, Rub{\'e}n and Asano, Shoh and Oprisoreanu, Ana-Maria and Sakata, Eri and Doengi, Michael and Kochovski, Zdravko and Z{\"u}rner, Magdalena and Stein, Valentin and Schoch, Susanne and Baumeister, Wolfgang and others},
  title     = {Cryo--electron tomography reveals a critical role of RIM1$\alpha$ in synaptic vesicle tethering},
  journal   = {J Cell Biol},
  year      = {2013},
  volume    = {201},
  number    = {5},
  pages     = {725--740},
  publisher = {Rockefeller University Press},
}

@InProceedings{Ronneberger2015,
  author       = {Ronneberger, Olaf and Fischer, Philipp and Brox, Thomas},
  title        = {U-net: Convolutional networks for biomedical image segmentation},
  booktitle    = {International Conference on Medical Image Computing and Computer-Assisted Intervention},
  year         = {2015},
  pages        = {234--241},
  organization = {Springer},
}

@Article{Simonyan2014,
  author  = {Simonyan, Karen and Zisserman, Andrew},
  title   = {Very deep convolutional networks for large-scale image recognition},
  journal = {arXiv preprint arXiv:1409.1556},
  year    = {2014},
}

@InProceedings{Long2015,
  author    = {Long, Jonathan and Shelhamer, Evan and Darrell, Trevor},
  title     = {Fully convolutional networks for semantic segmentation},
  booktitle = {Proceedings of the IEEE Conference on Computer Vision and Pattern Recognition},
  year      = {2015},
  pages     = {3431--3440},
}

@Article{Tran2016,
  author  = {Tran, Phi Vu},
  title   = {A fully convolutional neural network for cardiac segmentation in short-axis mri},
  journal = {arXiv preprint arXiv:1604.00494},
  year    = {2016},
}

@InProceedings{Dhungel2015,
  author       = {Dhungel, Neeraj and Carneiro, Gustavo and Bradley, Andrew P},
  title        = {Deep learning and structured prediction for the segmentation of mass in mammograms},
  booktitle    = {International Conference on Medical Image Computing and Computer-Assisted Intervention},
  year         = {2015},
  pages        = {605--612},
  organization = {Springer},
}

@InProceedings{Roth2015,
  author       = {Roth, Holger R and Lu, Le and Farag, Amal and Shin, Hoo-Chang and Liu, Jiamin and Turkbey, Evrim B and Summers, Ronald M},
  title        = {Deeporgan: Multi-level deep convolutional networks for automated pancreas segmentation},
  booktitle    = {International Conference on Medical Image Computing and Computer-Assisted Intervention},
  year         = {2015},
  pages        = {556--564},
  organization = {Springer},
}

@InProceedings{Chen2015,
  author       = {Chen, Hao and Shen, Chiyao and Qin, Jing and Ni, Dong and Shi, Lin and Cheng, Jack CY and Heng, Pheng-Ann},
  title        = {Automatic localization and identification of vertebrae in spine CT via a joint learning model with deep neural networks},
  booktitle    = {International Conference on Medical Image Computing and Computer-Assisted Intervention},
  year         = {2015},
  pages        = {515--522},
  organization = {Springer},
}

@InProceedings{Redmon2016,
  author    = {Redmon, Joseph and Divvala, Santosh and Girshick, Ross and Farhadi, Ali},
  title     = {You only look once: Unified, real-time object detection},
  booktitle = {Proceedings of the IEEE Conference on Computer Vision and Pattern Recognition},
  year      = {2016},
  pages     = {779--788},
}

@InProceedings{Lieman-Sifry2017,
  author       = {Lieman-Sifry, Jesse and Le, Matthieu and Lau, Felix and Sall, Sean and Golden, Daniel},
  title        = {FastVentricle: Cardiac Segmentation with ENet},
  booktitle    = {International Conference on Functional Imaging and Modeling of the Heart},
  year         = {2017},
  pages        = {127--138},
  organization = {Springer},
}

@InProceedings{Bertasius2016,
  author    = {Bertasius, Gedas and Shi, Jianbo and Torresani, Lorenzo},
  title     = {Semantic segmentation with boundary neural fields},
  booktitle = {Proceedings of the IEEE Conference on Computer Vision and Pattern Recognition},
  year      = {2016},
  pages     = {3602--3610},
}

@Article{Xu2016,
  author  = {Xu, Yan and Li, Yang and Liu, Mingyuan and Wang, Yipei and Fan, Yubo and Lai, Maode and Chang, Eric I and others},
  title   = {Gland Instance Segmentation by Deep Multichannel Neural Networks},
  journal = {arXiv preprint arXiv:1607.04889},
  year    = {2016},
}

@InProceedings{Chen2016c,
  author    = {Chen, Jianxu and Yang, Lin and Zhang, Yizhe and Alber, Mark and Chen, Danny Z},
  title     = {Combining fully convolutional and recurrent neural networks for 3D biomedical image segmentation},
  booktitle = {Advances in Neural Information Processing Systems},
  year      = {2016},
  pages     = {3036--3044},
}

@Article{Pai2017,
  author  = {Pai, Akshay and Sommer, Stefan and Raket, Lars Lau and K{\"u}hnel, Line and Darkner, Sune and S{\o}rensen, Lauge and Nielsen, Mads},
  title   = {A Statistical Model for Simultaneous Template Estimation, Bias Correction, and Registration of 3D Brain Images},
  journal = {arXiv preprint arXiv:1705.00432},
  year    = {2017},
}

@Article{Paszke2016,
  author  = {Paszke, Adam and Chaurasia, Abhishek and Kim, Sangpil and Culurciello, Eugenio},
  title   = {Enet: A deep neural network architecture for real-time semantic segmentation},
  journal = {arXiv preprint arXiv:1606.02147},
  year    = {2016},
}

@InProceedings{Jia2014,
  author       = {Jia, Yangqing and Shelhamer, Evan and Donahue, Jeff and Karayev, Sergey and Long, Jonathan and Girshick, Ross and Guadarrama, Sergio and Darrell, Trevor},
  title        = {Caffe: Convolutional architecture for fast feature embedding},
  booktitle    = {Proceedings of the 22nd ACM international conference on Multimedia},
  year         = {2014},
  pages        = {675--678},
  organization = {ACM},
}

@Article{Chen2014a,
  author  = {Chen, Liang-Chieh and Papandreou, George and Kokkinos, Iasonas and Murphy, Kevin and Yuille, Alan L},
  title   = {Semantic image segmentation with deep convolutional nets and fully connected crfs},
  journal = {arXiv preprint arXiv:1412.7062},
  year    = {2014},
}

@Article{Sirinukunwattana2015a,
  author    = {Sirinukunwattana, Korsuk and Snead, David RJ and Rajpoot, Nasir M},
  title     = {A stochastic polygons model for glandular structures in colon histology images},
  journal   = {IEEE transactions on medical imaging},
  year      = {2015},
  volume    = {34},
  number    = {11},
  pages     = {2366--2378},
  publisher = {IEEE},
}

@Article{Tseng2017,
  author  = {Tseng, Kuan-Lun and Lin, Yen-Liang and Hsu, Winston and Huang, Chung-Yang},
  title   = {Joint Sequence Learning and Cross-Modality Convolution for 3D Biomedical Segmentation},
  journal = {arXiv preprint arXiv:1704.07754},
  year    = {2017},
}

@Article{Sirinukunwattana2015b,
  author    = {Sirinukunwattana, Korsuk and Snead, David RJ and Rajpoot, Nasir M},
  title     = {A stochastic polygons model for glandular structures in colon histology images},
  journal   = {IEEE transactions on medical imaging},
  year      = {2015},
  volume    = {34},
  number    = {11},
  pages     = {2366--2378},
  publisher = {IEEE},
}

@InProceedings{Li2016,
  author    = {Li, Yi and He, Kaiming and Sun, Jian and others},
  title     = {R-fcn: Object detection via region-based fully convolutional networks},
  booktitle = {Advances in Neural Information Processing Systems},
  year      = {2016},
  pages     = {379--387},
}

@InProceedings{Karatzas2013,
  author       = {Karatzas, Dimosthenis and Shafait, Faisal and Uchida, Seiichi and Iwamura, Masakazu and i Bigorda, Lluis Gomez and Mestre, Sergi Robles and Mas, Joan and Mota, David Fernandez and Almazan, Jon Almazan and de las Heras, Lluis Pere},
  title        = {ICDAR 2013 robust reading competition},
  booktitle    = {Document Analysis and Recognition (ICDAR), 2013 12th International Conference on},
  year         = {2013},
  pages        = {1484--1493},
  organization = {IEEE},
}

@Article{Huang2016,
  author  = {Huang, Gao and Liu, Zhuang and Weinberger, Kilian Q and van der Maaten, Laurens},
  title   = {Densely connected convolutional networks},
  journal = {arXiv preprint arXiv:1608.06993},
  year    = {2016},
}

@Article{Chen2016d,
  author  = {Chen, Liang-Chieh and Papandreou, George and Kokkinos, Iasonas and Murphy, Kevin and Yuille, Alan L},
  title   = {Deeplab: Semantic image segmentation with deep convolutional nets, atrous convolution, and fully connected crfs},
  journal = {arXiv preprint arXiv:1606.00915},
  year    = {2016},
}

@Article{Simonyan2014a,
  author  = {Simonyan, Karen and Zisserman, Andrew},
  title   = {Very deep convolutional networks for large-scale image recognition},
  journal = {arXiv preprint arXiv:1409.1556},
  year    = {2014},
}

@InProceedings{Long2015a,
  author    = {Long, Jonathan and Shelhamer, Evan and Darrell, Trevor},
  title     = {Fully convolutional networks for semantic segmentation},
  booktitle = {Proceedings of the IEEE Conference on Computer Vision and Pattern Recognition},
  year      = {2015},
  pages     = {3431--3440},
}

@Article{Sermanet2013,
  author  = {Sermanet, Pierre and Eigen, David and Zhang, Xiang and Mathieu, Micha{\"e}l and Fergus, Rob and LeCun, Yann},
  title   = {Overfeat: Integrated recognition, localization and detection using convolutional networks},
  journal = {arXiv preprint arXiv:1312.6229},
  year    = {2013},
}

@InProceedings{Krizhevsky2012,
  author    = {Krizhevsky, Alex and Sutskever, Ilya and Hinton, Geoffrey E},
  title     = {Imagenet classification with deep convolutional neural networks},
  booktitle = {Advances in neural information processing systems},
  year      = {2012},
  pages     = {1097--1105},
}

@Article{Goodfellow2013,
  author  = {Goodfellow, Ian J and Warde-Farley, David and Mirza, Mehdi and Courville, Aaron and Bengio, Yoshua},
  title   = {Maxout networks},
  journal = {arXiv preprint arXiv:1302.4389},
  year    = {2013},
}

@Article{Gong2014,
  author  = {Gong, Yunchao and Liu, Liu and Yang, Ming and Bourdev, Lubomir},
  title   = {Compressing deep convolutional networks using vector quantization},
  journal = {arXiv preprint arXiv:1412.6115},
  year    = {2014},
}

@InProceedings{Karpathy2014,
  author    = {Karpathy, Andrej and Toderici, George and Shetty, Sanketh and Leung, Thomas and Sukthankar, Rahul and Fei-Fei, Li},
  title     = {Large-scale video classification with convolutional neural networks},
  booktitle = {Proceedings of the IEEE conference on Computer Vision and Pattern Recognition},
  year      = {2014},
  pages     = {1725--1732},
}

@Article{Schwing2015,
  author  = {Schwing, Alexander G and Urtasun, Raquel},
  title   = {Fully connected deep structured networks},
  journal = {arXiv preprint arXiv:1503.02351},
  year    = {2015},
}

@InProceedings{Ngiam2011,
  author    = {Ngiam, Jiquan and Coates, Adam and Lahiri, Ahbik and Prochnow, Bobby and Le, Quoc V and Ng, Andrew Y},
  title     = {On optimization methods for deep learning},
  booktitle = {Proceedings of the 28th international conference on machine learning (ICML-11)},
  year      = {2011},
  pages     = {265--272},
}

@Article{Goodfellow2013a,
  author  = {Goodfellow, Ian J and Bulatov, Yaroslav and Ibarz, Julian and Arnoud, Sacha and Shet, Vinay},
  title   = {Multi-digit number recognition from street view imagery using deep convolutional neural networks},
  journal = {arXiv preprint arXiv:1312.6082},
  year    = {2013},
}

@InProceedings{He2014,
  author       = {He, Kaiming and Zhang, Xiangyu and Ren, Shaoqing and Sun, Jian},
  title        = {Spatial pyramid pooling in deep convolutional networks for visual recognition},
  booktitle    = {European Conference on Computer Vision},
  year         = {2014},
  pages        = {346--361},
  organization = {Springer},
}

@InProceedings{Johnson2016,
  author    = {Johnson, Justin and Karpathy, Andrej and Fei-Fei, Li},
  title     = {Densecap: Fully convolutional localization networks for dense captioning},
  booktitle = {Proceedings of the IEEE Conference on Computer Vision and Pattern Recognition},
  year      = {2016},
  pages     = {4565--4574},
}

@InProceedings{Simonyan2014b,
  author    = {Simonyan, Karen and Zisserman, Andrew},
  title     = {Two-stream convolutional networks for action recognition in videos},
  booktitle = {Advances in neural information processing systems},
  year      = {2014},
  pages     = {568--576},
}

@InProceedings{Girshick2014,
  author    = {Girshick, Ross and Donahue, Jeff and Darrell, Trevor and Malik, Jitendra},
  title     = {Rich feature hierarchies for accurate object detection and semantic segmentation},
  booktitle = {Proceedings of the IEEE conference on computer vision and pattern recognition},
  year      = {2014},
  pages     = {580--587},
}

@Article{Gong2013,
  author  = {Gong, Yunchao and Jia, Yangqing and Leung, Thomas and Toshev, Alexander and Ioffe, Sergey},
  title   = {Deep convolutional ranking for multilabel image annotation},
  journal = {arXiv preprint arXiv:1312.4894},
  year    = {2013},
}

@Article{Girshick2016,
  author    = {Girshick, Ross and Donahue, Jeff and Darrell, Trevor and Malik, Jitendra},
  title     = {Region-based convolutional networks for accurate object detection and segmentation},
  journal   = {IEEE transactions on pattern analysis and machine intelligence},
  year      = {2016},
  volume    = {38},
  number    = {1},
  pages     = {142--158},
  publisher = {IEEE},
}

@Article{Hinton2006,
  author    = {Hinton, Geoffrey E and Osindero, Simon and Teh, Yee-Whye},
  title     = {A fast learning algorithm for deep belief nets},
  journal   = {Neural computation},
  year      = {2006},
  volume    = {18},
  number    = {7},
  pages     = {1527--1554},
  publisher = {MIT Press},
}

@Article{Ji2013,
  author    = {Ji, Shuiwang and Xu, Wei and Yang, Ming and Yu, Kai},
  title     = {3D convolutional neural networks for human action recognition},
  journal   = {IEEE transactions on pattern analysis and machine intelligence},
  year      = {2013},
  volume    = {35},
  number    = {1},
  pages     = {221--231},
  publisher = {IEEE},
}

@InProceedings{Dai2015,
  author    = {Dai, Jifeng and He, Kaiming and Sun, Jian},
  title     = {Boxsup: Exploiting bounding boxes to supervise convolutional networks for semantic segmentation},
  booktitle = {Proceedings of the IEEE International Conference on Computer Vision},
  year      = {2015},
  pages     = {1635--1643},
}

@InProceedings{Zheng2015,
  author    = {Zheng, Shuai and Jayasumana, Sadeep and Romera-Paredes, Bernardino and Vineet, Vibhav and Su, Zhizhong and Du, Dalong and Huang, Chang and Torr, Philip HS},
  title     = {Conditional random fields as recurrent neural networks},
  booktitle = {Proceedings of the IEEE International Conference on Computer Vision},
  year      = {2015},
  pages     = {1529--1537},
}

@Article{Li2016a,
  author  = {Li, Yi and Qi, Haozhi and Dai, Jifeng and Ji, Xiangyang and Wei, Yichen},
  title   = {Fully convolutional instance-aware semantic segmentation},
  journal = {arXiv preprint arXiv:1611.07709},
  year    = {2016},
}

@InProceedings{Noh2015,
  author    = {Noh, Hyeonwoo and Hong, Seunghoon and Han, Bohyung},
  title     = {Learning deconvolution network for semantic segmentation},
  booktitle = {Proceedings of the IEEE International Conference on Computer Vision},
  year      = {2015},
  pages     = {1520--1528},
}

@InProceedings{Lin2016,
  author    = {Lin, Guosheng and Shen, Chunhua and van den Hengel, Anton and Reid, Ian},
  title     = {Efficient piecewise training of deep structured models for semantic segmentation},
  booktitle = {Proceedings of the IEEE Conference on Computer Vision and Pattern Recognition},
  year      = {2016},
  pages     = {3194--3203},
}

@Article{Delgado-Gonzalo2012,
  author    = {Delgado-Gonzalo, Ricard and Thevenaz, Philippe and Seelamantula, Chandra Sekhar and Unser, Michael},
  title     = {Snakes with an ellipse-reproducing property},
  journal   = {IEEE Transactions on Image Processing},
  year      = {2012},
  volume    = {21},
  number    = {3},
  pages     = {1258--1271},
  publisher = {IEEE},
}

@Article{Veksler2008a,
  author    = {Veksler, Olga},
  title     = {Star shape prior for graph-cut image segmentation},
  journal   = {Computer Vision--ECCV 2008},
  year      = {2008},
  pages     = {454--467},
  publisher = {Springer},
}

@InProceedings{Gulshan2010a,
  author       = {Gulshan, Varun and Rother, Carsten and Criminisi, Antonio and Blake, Andrew and Zisserman, Andrew},
  title        = {Geodesic star convexity for interactive image segmentation},
  booktitle    = {Computer Vision and Pattern Recognition (CVPR), 2010 IEEE Conference on},
  year         = {2010},
  pages        = {3129--3136},
  organization = {IEEE},
}

@InProceedings{Strekalovskiy2011a,
  author       = {Strekalovskiy, Evgeny and Cremers, Daniel},
  title        = {Generalized ordering constraints for multilabel optimization},
  booktitle    = {Computer Vision (ICCV), 2011 IEEE International Conference on},
  year         = {2011},
  pages        = {2619--2626},
  organization = {IEEE},
}

@InProceedings{Gorelick2014a,
  author       = {Gorelick, Lena and Veksler, Olga and Boykov, Yuri and Nieuwenhuis, Claudia},
  title        = {Convexity shape prior for segmentation},
  booktitle    = {European Conference on Computer Vision},
  year         = {2014},
  pages        = {675--690},
  organization = {Springer},
}

@InProceedings{Royer2016a,
  author    = {Royer, Loic A and Richmond, David L and Rother, Carsten and Andres, Bjoern and Kainmueller, Dagmar},
  title     = {Convexity shape constraints for image segmentation},
  booktitle = {Proceedings of the IEEE Conference on Computer Vision and Pattern Recognition},
  year      = {2016},
  pages     = {402--410},
}

@InProceedings{Dhungel2015a,
  author       = {Dhungel, Neeraj and Carneiro, Gustavo and Bradley, Andrew P},
  title        = {Deep learning and structured prediction for the segmentation of mass in mammograms},
  booktitle    = {International Conference on Medical Image Computing and Computer-Assisted Intervention},
  year         = {2015},
  pages        = {605--612},
  organization = {Springer},
}

@InProceedings{Roth2015a,
  author       = {Roth, Holger R and Lu, Le and Farag, Amal and Shin, Hoo-Chang and Liu, Jiamin and Turkbey, Evrim B and Summers, Ronald M},
  title        = {Deeporgan: Multi-level deep convolutional networks for automated pancreas segmentation},
  booktitle    = {International Conference on Medical Image Computing and Computer-Assisted Intervention},
  year         = {2015},
  pages        = {556--564},
  organization = {Springer},
}

@InProceedings{Roth2016,
  author       = {Roth, Holger R and Lu, Le and Farag, Amal and Sohn, Andrew and Summers, Ronald M},
  title        = {Spatial aggregation of holistically-nested networks for automated pancreas segmentation},
  booktitle    = {International Conference on Medical Image Computing and Computer-Assisted Intervention},
  year         = {2016},
  pages        = {451--459},
  organization = {Springer},
}

@InProceedings{Chen2016e,
  author    = {Chen, Hao and Qi, Xiaojuan and Cheng, Jie-Zhi and Heng, Pheng-Ann and others},
  title     = {Deep Contextual Networks for Neuronal Structure Segmentation.},
  booktitle = {AAAI},
  year      = {2016},
  pages     = {1167--1173},
}

@InProceedings{Dou2016,
  author       = {Dou, Qi and Chen, Hao and Jin, Yueming and Yu, Lequan and Qin, Jing and Heng, Pheng-Ann},
  title        = {3d deeply supervised network for automatic liver segmentation from ct volumes},
  booktitle    = {International Conference on Medical Image Computing and Computer-Assisted Intervention},
  year         = {2016},
  pages        = {149--157},
  organization = {Springer},
}

@InProceedings{Qin2016,
  author       = {Qin, Jing and Heng, Pheng-Ann},
  title        = {3D Deeply Supervised Network for Automatic Liver Segmentation from CT Volumes},
  booktitle    = {Medical Image Computing and Computer-Assisted Intervention--MICCAI 2016: 19th International Conference, Athens, Greece, October 17-21, 2016, Proceedings},
  year         = {2016},
  volume       = {9901},
  pages        = {149},
  organization = {Springer},
}

@Article{Chen2017,
  author    = {Chen, Hao and Qi, Xiaojuan and Yu, Lequan and Dou, Qi and Qin, Jing and Heng, Pheng-Ann},
  title     = {DCAN: Deep contour-aware networks for object instance segmentation from histology images},
  journal   = {Medical image analysis},
  year      = {2017},
  volume    = {36},
  pages     = {135--146},
  publisher = {Elsevier},
}

@InProceedings{Xu2016a,
  author       = {Xu, Yan and Li, Yang and Liu, Mingyuan and Wang, Yipei and Lai, Maode and Eric, I and Chang, Chao},
  title        = {Gland instance segmentation by deep multichannel side supervision},
  booktitle    = {International Conference on Medical Image Computing and Computer-Assisted Intervention},
  year         = {2016},
  pages        = {496--504},
  organization = {Springer},
}

@InProceedings{Nogues2016,
  author        = {Nogues, Isabella and Lu, Le and Wang, Xiaosong and Roth, Holger and Bertasius, Gedas and Lay, Nathan and Shi, Jianbo and Tsehay, Yohannes and Summers, Ronald M},
  title         = {Automatic lymph node cluster segmentation using holistically-nested neural networks and structured optimization in CT images},
  booktitle     = {International Conference on Medical Image Computing and Computer-Assisted Intervention},
  year          = {2016},
  pages         = {388--397},
  organization  = {Springer},
  __markedentry = {[Administrator:]},
}

@InProceedings{Cicek2016,
  author        = {{\c{C}}i{\c{c}}ek, {\"O}zg{\"u}n and Abdulkadir, Ahmed and Lienkamp, Soeren S and Brox, Thomas and Ronneberger, Olaf},
  title         = {3D U-Net: learning dense volumetric segmentation from sparse annotation},
  booktitle     = {International Conference on Medical Image Computing and Computer-Assisted Intervention},
  year          = {2016},
  pages         = {424--432},
  organization  = {Springer},
  __markedentry = {[Administrator:6]},
}

@Comment{jabref-meta: databaseType:bibtex;}
